@article{RN4030,
   author = {Bond, Tami C. and Bhardwaj, Ekta and Dong, Rong and Jogani, Rahil and Jung, Soonkyu and Roden, Christoph and Streets, David G. and Trautmann, Nina M.},
   title = {Historical emissions of black and organic carbon aerosol from energy-related combustion, 1850–2000},
   journal = {Global Biogeochemical Cycles},
   volume = {21},
   number = {2},
   ISSN = {0886-6236},
   DOI = {10.1029/2006gb002840},
   url = {https://agupubs.onlinelibrary.wiley.com/doi/abs/10.1029/2006GB002840},
   year = {2007},
   type = {Journal Article}
}

@article{RN4379,
   author = {Dai, Hancheng and Fujimori, Shinichiro and Herran, Diego Silva and Shiraki, Hiroto and Masui, Toshihiko and Matsuoka, Yuzuru},
   title = {The impacts on climate mitigation costs of considering curtailment and storage of variable renewable energy in a general equilibrium model},
   journal = {Energy Economics},
   volume = {64},
   pages = {627-637},
   ISSN = {0140-9883},
   DOI = {10.1016/j.eneco.2016.03.002},
   url = {https://www.sciencedirect.com/science/article/pii/S0140988316300391},
   year = {2017},
   type = {Journal Article}
}

@article{RN4366,
   author = {Dai, Hancheng and Herran, Diego Silva and Fujimori, Shinichiro and Masui, Toshihiko},
   title = {Key factors affecting long-term penetration of global onshore wind energy integrating top-down and bottom-up approaches},
   journal = {Renewable Energy},
   volume = {85},
   pages = {19-30},
   ISSN = {0960-1481},
   DOI = {10.1016/j.renene.2015.05.060},
   url = {https://www.sciencedirect.com/science/article/pii/S0960148115300239},
   year = {2016},
   type = {Journal Article}
}

@misc{RN2148,
   url = {http://edgar.jrc.ec.europa.eu},
   year = {2012},
   title = {EDGAR emissions database},
   author = {JRC},
   type = {Journal Article}
}

@misc{RN2725,
   url = {http://www.fao.org/economic/ess/ess-fs/fs-data/en/#.UrE-GPQ7t8E},
   year = {2013},
   type = {Journal Article},
   author = {FAO},
   title = {Statistical Yearbook}
}

@article{RN4011,
   author = {Fujimori, Shinichiro and Dai, Hancheng and Masui, Toshihiko and Matsuoka, Yuzuru},
   title = {Global energy model hindcasting},
   journal = {Energy},
   volume = {114},
   pages = {293-301},
   ISSN = {0360-5442},
   DOI = {10.1016/j.energy.2016.08.008},
   url = {https://www.sciencedirect.com/science/article/pii/S0360544216311112},
   year = {2016},
   type = {Journal Article}
}

@article{RN3985,
   author = {Fujimori, Shinichiro and Hanasaki, Naota and Masui, Toshihiko},
   title = {Projections of industrial water withdrawal under shared socioeconomic pathways and climate mitigation scenarios},
   journal = {Sustainability Science},
   volume = {12},
   number = {2},
   pages = {275-292},
   ISSN = {1862-4065},
   DOI = {10.1007/s11625-016-0392-2},
   url = {https://link.springer.com/article/10.1007/s11625-016-0392-2},
   year = {2017},
   type = {Journal Article}
}

@article{RN4363,
   author = {Fujimori, Shinichiro and Hasegawa, Tomoko and Masui, Toshihiko and Takahashi, Kiyoshi and Herran, Diego Silva and Dai, Hancheng and Hijioka, Yasuaki and Kainuma, Mikiko},
   title = {SSP3: AIM implementation of Shared Socioeconomic Pathways},
   journal = {Global Environmental Change-Human and Policy Dimensions},
   volume = {42},
   pages = {268-283},
   ISSN = {0959-3780},
   DOI = {10.1016/j.gloenvcha.2016.06.009},
   url = {https://www.sciencedirect.com/science/article/pii/S0959378016300838},
   year = {2017},
   type = {Journal Article}
}

@article{RN3451,
   author = {Fujimori, S and Masui, T},
   title = {How dematerialization contributes to a low carbon society?},
   journal = {Ecology and the Environment},
   volume = {143},
   pages = {315-326},
   ISSN = {1845645081},
   year = {2011},
   type = {Journal Article}
}

@article{RN4010,
   author = {Fujimori, Shinichiro and Mosui, Toshihiko and Matsuoka, Yuzuru},
   title = {Development of a global computable general equilibrium model coupled with detailed energy end-use technology},
   journal = {Applied Energy},
   volume = {128},
   pages = {296-306},
   ISSN = {0306-2619},
   DOI = {10.1016/j.apenergy.2014.04.074},
   url = {https://www.sciencedirect.com/science/article/pii/S0306261914004371},
   year = {2014},
   type = {Journal Article}
}

@article{RN4425,
   author = {Fujimori, Shinichiro and Oshiro, Ken and Shiraki, Hiroto and Hasegawa, Tomoko},
   title = {Energy transformation cost for the Japanese mid-century strategy},
   journal = {Nature Communications},
   volume = {10},
   number = {1},
   pages = {4737},
   ISSN = {2041-1723},
   DOI = {10.1038/s41467-019-12730-4},
   url = {https://doi.org/10.1038/s41467-019-12730-4},
   year = {2019},
   type = {Journal Article}
}

@article{RN3982,
   author = {Hasegawa, Tomoko and Fujimori, Shinichiro and Ito, Akihiko and Takahashi, Kiyoshi and Masui, Toshihiko},
   title = {Global land-use allocation model linked to an integrated assessment model},
   journal = {Science of the Total Environment},
   volume = {580},
   pages = {787-796},
   ISSN = {0048-9697},
   DOI = {10.1016/j.scitotenv.2016.12.025},
   url = {https://www.sciencedirect.com/science/article/pii/S0048969716327097},
   year = {2017},
   type = {Journal Article}
}

@article{RN3987,
   author = {Hasegawa, Tomoko and Fujimori, Shinichiro and Takahashi, Kiyoshi and Masui, Toshihiko},
   title = {Scenarios for the risk of hunger in the twenty-first century using Shared Socioeconomic Pathways},
   journal = {Environmental Research Letters},
   volume = {10},
   number = {1},
   ISSN = {1748-9326},
   DOI = {10.1088/1748-9326/10/1/014010},
   url = {<Go to ISI>://WOS:000348501800011},
   year = {2015},
   type = {Journal Article}
}

@article{RN3990,
   author = {Hasegawa, Tomoko and Park, Chan and Fujimori, Shinichiro and Takahashi, Kiyoshi and Hijioka, Yasuaki and Masui, Toshihiko},
   title = {Quantifying the economic impact of changes in energy demand for space heating and cooling systems under varying climatic scenarios},
   journal = {Palgrave Communications},
   volume = {2},
   ISSN = {2055-1045},
   url = {https://www.nature.com/articles/palcomms201613},
   year = {2016},
   type = {Journal Article}
}

@article{RN4380,
   author = {Herran, Diego Silva and Dai, Hancheng and Fujimori, Shinichiro and Masui, Toshihiko},
   title = {Global assessment of onshore wind power resources considering the distance to urban areas},
   journal = {Energy Policy},
   volume = {91},
   pages = {75-86},
   ISSN = {0301-4215},
   DOI = {10.1016/j.enpol.2015.12.024},
   url = {https://www.sciencedirect.com/science/article/pii/S0301421515302366},
   year = {2016},
   type = {Journal Article}
}

@article{RN2134,
   author = {Hyman, RobertC and Reilly, JohnM and Babiker, MustafaH and De Masin, Ardoin and Jacoby, HenryD},
   title = {Modeling non-CO2 Greenhouse Gas Abatement},
   journal = {Environmental Modeling and Assessment},
   volume = {8},
   number = {3},
   pages = {175-186},
   ISSN = {1420-2026},
   DOI = {10.1023/A:1025576926029},
   url = {http://dx.doi.org/10.1023/A%3A1025576926029},
   year = {2003},
   type = {Journal Article}
}

@techreport{RN2947,
   author = {IPCC},
   title = {2006 IPCC Guidelines for National Greenhouse Gas Inventories, Prepared by the National Greenhouse Gas Inventories Programme},
   institution = {IGES},
   DOI = {citeulike-article-id:1930815},
   url = {http://www.ipcc-nggip.iges.or.jp/public/2006gl/index.htm},
   year = {2006},
   type = {book}
}

@article{RN2762,
   author = {Kc, Samir and Lutz, Wolfgang},
   title = {The human core of the shared socioeconomic pathways: Population scenarios by age, sex and level of education for all countries to 2100},
   journal = {Global Environmental Change},
   ISSN = {09593780},
   DOI = {10.1016/j.gloenvcha.2014.06.004},
   year = {2017},
   type = {Journal Article}
}

@article{RN4201,
   author = {Kossoy, Alexandre and Ambrosi, Philippe},
   title = {State and trends of the carbon market 2010},
   year = {2010},
   type = {Journal Article}
}

@article{RN2232,
   author = {Kriegler, Elmar and Petermann, Nils and Krey, Volker and Schwanitz, Valeria Jana and Luderer, Gunnar and Ashina, Shuichi and Bosetti, Valentina and Eom, Jiyong and Kitous, Alban and Méjean, Aurélie and Paroussos, Leonidas and Sano, Fuminori and Turton, Hal and Wilson, Charlie and Van Vuuren, Detlef P.},
   title = {Diagnostic indicators for integrated assessment models of climate policy},
   journal = {Technological Forecasting and Social Change},
   ISSN = {00401625},
   DOI = {10.1016/j.techfore.2013.09.020},
   year = {2014},
   type = {Journal Article}
}

@techreport{RN2739,
   author = {Löfgren, Hans and Harris, Rebecca Lee and Robinson, Sherman},
   title = {A standard computable general equilibrium (CGE) model in GAMS},
   institution = {IFPRI},
   url = {http://ideas.repec.org/p/fpr/tmddps/75.html},
   year = {2001},
   type = {Report}
}

@article{RN2282,
   author = {Lucas, Paul L. and van Vuuren, Detlef P. and Olivier, Jos G. J. and den Elzen, Michel G. J.},
   title = {Long-term reduction potential of non-CO2 greenhouse gases},
   journal = {Environmental Science and Policy},
   volume = {10},
   number = {2},
   pages = {85-103},
   ISSN = {14629011},
   DOI = {10.1016/j.envsci.2006.10.007},
   year = {2007},
   type = {Journal Article}
}

@article{RN2892,
   author = {Masui, Toshihiko and Matsumoto, Kenichi and Hijioka, Yasuaki and Kinoshita, Tsuguki and Nozawa, Toru and Ishiwatari, Sawako and Kato, Etsushi and Shukla, P. R. and Yamagata, Yoshiki and Kainuma, Mikiko},
   title = {An emission pathway for stabilization at 6 Wm−2 radiative forcing},
   journal = {Climatic Change},
   volume = {109},
   number = {1-2},
   pages = {59-76},
   ISSN = {0165-0009
1573-1480},
   DOI = {10.1007/s10584-011-0150-5},
   year = {2011},
   type = {Journal Article}
}

@article{RN2253,
   author = {Masutomi, Yuji and Takahashi, Kiyoshi and Harasawa, Hideo and Matsuoka, Yuzuru},
   title = {Impact assessment of climate change on rice production in Asia in comprehensive consideration of process/parameter uncertainty in general circulation models},
   journal = {Agriculture, Ecosystems and Environment},
   volume = {131},
   number = {3-4},
   pages = {281-291},
   ISSN = {01678809},
   DOI = {10.1016/j.agee.2009.02.004},
   year = {2009},
   type = {Journal Article}
}

@article{RN2538,
   author = {Msangi, Siwa and Ewing, Mandy and Rosegrant, Mark W. and Zhu, Tingju},
   title = {Biofuels, Food Security, and the Environment: A 2020/2050 Perspective},
   pages = {65-94},
   ISSN = {1614-810X},
   DOI = {10.1007/978-3-642-04615-5_4},
   year = {2010},
   type = {Journal Article}
}

@techreport{RN2838,
   author = {OECD},
   title = {STAN database},
   institution = {Organization for Economic Cooperation and Development},
   year = {2005},
   type = {Report}
}

@article{RN4360,
   author = {Rao, Shilpa and Klimont, Zbigniew and Smith, Steven J. and Van Dingenen, Rita and Dentener, Frank and Bouwman, Lex and Riahi, Keywan and Amann, Markus and Bodirsky, Benjamin Leon and van Vuuren, Detlef P. and Reis, Lara Aleluia and Calvin, Katherine and Drouet, Laurent and Fricko, Oliver and Fujimori, Shinichiro and Gernaat, David and Havlik, Petr and Harmsen, Mathijs and Hasegawa, Tomoko and Heyes, Chris and Hilaire, Jerome and Luderer, Gunnar and Masui, Toshihiko and Stehfest, Elke and Strefler, Jessica and van der Sluis, Sietske and Tavoni, Massimo},
   title = {Future air pollution in the Shared Socio-economic Pathways},
   journal = {Global Environmental Change-Human and Policy Dimensions},
   volume = {42},
   pages = {346-358},
   ISSN = {0959-3780},
   DOI = {10.1016/j.gloenvcha.2016.05.012},
   url = {https://www.sciencedirect.com/science/article/pii/S0959378016300723},
   year = {2017},
   type = {Journal Article}
}

@article{RN4407,
   author = {Roelfsema, Mark and van Soest, Heleen L. and Harmsen, Mathijs and van Vuuren, Detlef P. and Bertram, Christoph and den Elzen, Michel and Höhne, Niklas and Iacobuta, Gabriela and Krey, Volker and Kriegler, Elmar and Luderer, Gunnar and Riahi, Keywan and Ueckerdt, Falko and Després, Jacques and Drouet, Laurent and Emmerling, Johannes and Frank, Stefan and Fricko, Oliver and Gidden, Matthew and Humpenöder, Florian and Huppmann, Daniel and Fujimori, Shinichiro and Fragkiadakis, Kostas and Gi, Keii and Keramidas, Kimon and Köberle, Alexandre C. and Aleluia Reis, Lara and Rochedo, Pedro and Schaeffer, Roberto and Oshiro, Ken and Vrontisi, Zoi and Chen, Wenying and Iyer, Gokul C. and Edmonds, Jae and Kannavou, Maria and Jiang, Kejun and Mathur, Ritu and Safonov, George and Vishwanathan, Saritha Sudharmma},
   title = {Taking stock of national climate policies to evaluate implementation of the Paris Agreement},
   journal = {Nature Communications},
   volume = {11},
   number = {1},
   pages = {2096},
   ISSN = {2041-1723},
   DOI = {10.1038/s41467-020-15414-6},
   url = {https://doi.org/10.1038/s41467-020-15414-6},
   year = {2020},
   type = {Journal Article}
}

@article{RN2677,
   author = {Rogner, H-H.},
   title = {An assessment of world hydrocarbon resources},
   journal = {Annual Review of Energy and the Environment},
   volume = {22},
   number = {1},
   pages = {217-262},
   DOI = {doi:10.1146/annurev.energy.22.1.217},
   url = {http://www.annualreviews.org/doi/abs/10.1146/annurev.energy.22.1.217},
   year = {1997},
   type = {Journal Article}
}

@article{RN1860,
   author = {Sands, Ronald and Edmonds, James},
   title = {Climate Change Impacts for the Conterminous USA: An Integrated Assessment},
   journal = {Climatic Change},
   volume = {69},
   number = {1},
   pages = {127-150},
   ISSN = {0165-0009},
   DOI = {10.1007/s10584-005-3616-5},
   url = {http://dx.doi.org/10.1007/s10584-005-3616-5},
   year = {2005},
   type = {Journal Article}
}

@article{RN4200,
   author = {Shinichiro, Fujimori and Tomoko, Hasegawa and Kiyoshi, Takahashi and Hancheng, Dai and Jing-Yu, Liu and Haruka, Ohashi and Yang, Xie and Yanxu, Zhang and Tetsuya, Matsui and Yasuaki, Hijioka},
   title = {Measuring the sustainable development implications of climate change mitigation},
   journal = {Environmental Research Letters},
   ISSN = {1748-9326},
   url = {http://iopscience.iop.org/10.1088/1748-9326/ab9966},
   year = {2020},
   type = {Journal Article}
}

@techreport{RN1597,
   author = {Wise, Marshall and Calvin, Kate},
   title = {GCAM 3.0 Agriculture and Land Use; Technical Description of Modeling Approach},
   year = {2011},
   type = {Report}
}

@article{RN3647,
   url = {http://data.worldbank.org/data-catalog/world-development-indicators.},
   year = {2019},
   type = {Journal Article},
   title = {World Development Indicators},
   author = {The World Bank}
}

@article{RN4448,
   author = {Wu, Wenchao and Hasegawa, Tomoko and Ohashi, Haruka and Hanasaki, Naota and Liu, Jingyu and Matsui, Tetsuya and Fujimori, Shinichiro and Masui, Toshihiko and Takahashi, Kiyoshi},
   title = {Global advanced bioenergy potential under environmental protection policies and societal transformation measures},
   journal = {GCB Bioenergy},
   volume = {11},
   number = {9},
   pages = {1041-1055},
   ISSN = {1757-1693},
   DOI = {10.1111/gcbb.12614},
   url = {https://doi.org/10.1111/gcbb.12614},
   year = {2019},
   type = {Journal Article}
}

@article{RN2682,
   author = {Bijl, David L. and Bogaart, Patrick W. and Kram, Tom and de Vries, Bert J. M. and van Vuuren, Detlef P.},
   title = {Long-term water demand for electricity, industry and households},
   journal = {Environmental Science and Policy},
   volume = {55, Part 1},
   pages = {75-86},
   ISSN = {1462-9011},
   DOI = {http://dx.doi.org/10.1016/j.envsci.2015.09.005},
   url = {http://www.sciencedirect.com/science/article/pii/S1462901115300745},
   year = {2016},
   type = {Journal Article}
}

@inbook{RN4520,
   author = {Fujimori, Shinichiro and Hasegawa, Tomoko and Masui, Toshihiko},
   title = {AIM/CGE V2.0: Basic Feature of the Model},
   booktitle = {Post-2020 Climate Action: Global and Asian Perspectives},
   editor = {Fujimori, Shinichiro and Kainuma, Mikiko and Masui, Toshihiko},
   publisher = {Springer Singapore},
   address = {Singapore},
   pages = {305-328},
   ISBN = {978-981-10-3869-3},
   DOI = {10.1007/978-981-10-3869-3_13},
   url = {https://doi.org/10.1007/978-981-10-3869-3_13},
   year = {2017},
   type = {Book Section}
}

@book{RN4029,
   author = {statistics, Committee on iron and steel},
   title = {Handbook for iron and steel statistics},
   publisher = {Commitee on iron and steel statistics},
   address = {Japan},
   year = {2006},
   type = {Book}
}

@book{RN3606,
   author = {International Energy Agency, (IEA)},
   title = {World Energy balances},
   address = {Paris, France},
   year = {2018},
   type = {Book}
}

@book{RN3272,
   author = {United Nations, (UN)},
   title = {National Accounts Main Aggregates Database},
   address = {New York, USA},
   url = {https://unstats.un.org/unsd/snaama/methodology.pdf},
   year = {2013},
   type = {Book}
}

@book{RN2115,
   author = {IEA},
   title = {CO2 Capture and Storage -- A Key Carbon Abatement Option},
   institution = {OECD/IEA},
   year = {2008},
   type = {Book}
}

